Trade_Time,Price_USD,Volume_BTC,Symbol
2025-09-30 01:29:57.341,114576.1,0.06,BTCUSDT
2025-09-30 01:29:58.247,114576.1,0.059,BTCUSDT
2025-09-30 01:29:58.769,114576.0,0.019,BTCUSDT
2025-09-30 01:29:58.893,114576.1,0.003,BTCUSDT
2025-09-30 01:29:59.196,114576.0,0.017,BTCUSDT
2025-09-30 01:29:59.245,114576.1,0.059,BTCUSDT
2025-09-30 01:29:59.332,114576.0,0.034,BTCUSDT
2025-09-30 01:29:59.332,114576.0,0.001,BTCUSDT
2025-09-30 01:29:59.332,114576.0,0.015,BTCUSDT
2025-09-30 01:29:59.332,114576.0,0.001,BTCUSDT
2025-09-30 01:29:59.332,114576.0,0.237,BTCUSDT
2025-09-30 01:29:59.332,114576.0,0.071,BTCUSDT
2025-09-30 01:29:59.910,114576.0,0.047,BTCUSDT
2025-09-30 01:30:00.029,114576.0,0.001,BTCUSDT
2025-09-30 01:30:00.045,114576.0,0.001,BTCUSDT
2025-09-30 01:30:00.203,114576.1,0.1,BTCUSDT
2025-09-30 01:30:00.291,114576.0,0.001,BTCUSDT
2025-09-30 01:30:00.319,114576.1,0.059,BTCUSDT
2025-09-30 01:30:00.340,114576.1,0.001,BTCUSDT
2025-09-30 01:30:00.394,114576.1,0.076,BTCUSDT
2025-09-30 01:30:00.394,114576.1,0.004,BTCUSDT
2025-09-30 01:30:00.408,114576.0,0.001,BTCUSDT
2025-09-30 01:30:00.408,114576.0,0.003,BTCUSDT
2025-09-30 01:30:00.408,114576.0,0.001,BTCUSDT
2025-09-30 01:30:00.408,114576.0,0.016,BTCUSDT
2025-09-30 01:30:00.408,114576.0,0.016,BTCUSDT
2025-09-30 01:30:00.411,114576.0,0.001,BTCUSDT
2025-09-30 01:30:00.412,114576.0,0.144,BTCUSDT
2025-09-30 01:30:00.412,114576.0,0.006,BTCUSDT
2025-09-30 01:30:00.412,114576.0,0.001,BTCUSDT
2025-09-30 01:30:00.412,114576.0,0.01,BTCUSDT
2025-09-30 01:30:00.412,114576.0,0.001,BTCUSDT
2025-09-30 01:30:00.412,114576.0,0.002,BTCUSDT
2025-09-30 01:30:00.412,114576.0,0.002,BTCUSDT
2025-09-30 01:30:00.412,114576.0,0.001,BTCUSDT
2025-09-30 01:30:00.414,114575.9,0.001,BTCUSDT
2025-09-30 01:30:00.414,114575.9,0.001,BTCUSDT
2025-09-30 01:30:00.414,114575.9,0.001,BTCUSDT
2025-09-30 01:30:00.414,114575.9,0.001,BTCUSDT
2025-09-30 01:30:00.414,114575.9,0.001,BTCUSDT
2025-09-30 01:30:00.414,114575.9,0.002,BTCUSDT
2025-09-30 01:30:00.414,114575.9,0.002,BTCUSDT
2025-09-30 01:30:00.415,114575.7,0.002,BTCUSDT
2025-09-30 01:30:00.416,114575.7,0.033,BTCUSDT
2025-09-30 01:30:00.416,114575.7,0.02,BTCUSDT
2025-09-30 01:30:00.416,114575.7,0.05,BTCUSDT
2025-09-30 01:30:00.416,114575.7,0.001,BTCUSDT
2025-09-30 01:30:00.416,114575.7,0.001,BTCUSDT
2025-09-30 01:30:00.416,114575.5,0.002,BTCUSDT
2025-09-30 01:30:00.416,114575.3,0.001,BTCUSDT
2025-09-30 01:30:00.421,114575.3,0.001,BTCUSDT
2025-09-30 01:30:00.456,114575.0,0.001,BTCUSDT
2025-09-30 01:30:00.524,114575.0,0.001,BTCUSDT
2025-09-30 01:30:00.535,114575.0,0.001,BTCUSDT
2025-09-30 01:30:00.750,114575.0,0.001,BTCUSDT
2025-09-30 01:30:00.900,114575.0,0.038,BTCUSDT
2025-09-30 01:30:00.901,114575.0,0.101,BTCUSDT
2025-09-30 01:30:00.901,114575.0,0.001,BTCUSDT
2025-09-30 01:30:00.901,114575.0,0.001,BTCUSDT
2025-09-30 01:30:00.901,114575.0,0.001,BTCUSDT
2025-09-30 01:30:00.901,114575.0,0.001,BTCUSDT
2025-09-30 01:30:00.901,114575.0,0.001,BTCUSDT
2025-09-30 01:30:00.901,114575.0,0.019,BTCUSDT
2025-09-30 01:30:00.904,114575.0,0.041,BTCUSDT
2025-09-30 01:30:00.908,114575.0,0.027,BTCUSDT
2025-09-30 01:30:00.908,114575.0,0.002,BTCUSDT
2025-09-30 01:30:00.908,114575.0,0.001,BTCUSDT
2025-09-30 01:30:00.908,114575.0,0.002,BTCUSDT
2025-09-30 01:30:00.908,114575.0,0.001,BTCUSDT
2025-09-30 01:30:00.908,114575.0,0.002,BTCUSDT
2025-09-30 01:30:00.908,114574.9,0.001,BTCUSDT
2025-09-30 01:30:00.908,114574.9,0.001,BTCUSDT
2025-09-30 01:30:00.908,114574.9,0.001,BTCUSDT
2025-09-30 01:30:00.908,114574.8,0.002,BTCUSDT
2025-09-30 01:30:00.908,114574.8,0.056,BTCUSDT
2025-09-30 01:30:00.909,114574.8,0.031,BTCUSDT
2025-09-30 01:30:00.909,114574.8,0.065,BTCUSDT
2025-09-30 01:30:00.909,114574.7,0.002,BTCUSDT
2025-09-30 01:30:00.909,114574.5,0.002,BTCUSDT
2025-09-30 01:30:00.909,114574.4,0.002,BTCUSDT
2025-09-30 01:30:00.921,114574.2,0.002,BTCUSDT
2025-09-30 01:30:00.921,114573.6,0.002,BTCUSDT
2025-09-30 01:30:00.921,114573.2,0.077,BTCUSDT
2025-09-30 01:30:00.921,114573.2,0.046,BTCUSDT
2025-09-30 01:30:00.921,114573.1,0.002,BTCUSDT
2025-09-30 01:30:00.921,114573.0,0.001,BTCUSDT
2025-09-30 01:30:00.921,114573.0,0.001,BTCUSDT
2025-09-30 01:30:00.921,114573.0,0.002,BTCUSDT
2025-09-30 01:30:00.923,114572.7,0.001,BTCUSDT
2025-09-30 01:30:00.923,114572.7,0.001,BTCUSDT
2025-09-30 01:30:00.923,114572.6,0.002,BTCUSDT
2025-09-30 01:30:00.923,114572.0,0.002,BTCUSDT
2025-09-30 01:30:00.923,114572.0,0.002,BTCUSDT
2025-09-30 01:30:00.923,114571.8,0.001,BTCUSDT
2025-09-30 01:30:00.995,114571.4,0.002,BTCUSDT
2025-09-30 01:30:00.995,114571.4,0.001,BTCUSDT
2025-09-30 01:30:00.995,114571.4,0.001,BTCUSDT
2025-09-30 01:30:00.995,114571.4,0.001,BTCUSDT
2025-09-30 01:30:00.995,114571.4,0.001,BTCUSDT
2025-09-30 01:30:00.995,114571.4,0.001,BTCUSDT
2025-09-30 01:30:00.995,114571.4,0.001,BTCUSDT
2025-09-30 01:30:00.995,114571.4,0.001,BTCUSDT
2025-09-30 01:30:00.995,114571.4,0.001,BTCUSDT
2025-09-30 01:30:00.995,114571.1,0.001,BTCUSDT
2025-09-30 01:30:00.995,114570.7,0.002,BTCUSDT
2025-09-30 01:30:00.995,114570.4,0.001,BTCUSDT
2025-09-30 01:30:00.995,114570.1,0.004,BTCUSDT
2025-09-30 01:30:00.995,114570.1,0.002,BTCUSDT
2025-09-30 01:30:01.065,114570.0,0.001,BTCUSDT
2025-09-30 01:30:01.067,114570.0,0.002,BTCUSDT
2025-09-30 01:30:01.067,114570.0,0.001,BTCUSDT
2025-09-30 01:30:01.067,114570.0,0.002,BTCUSDT
2025-09-30 01:30:01.078,114570.1,0.001,BTCUSDT
2025-09-30 01:30:01.100,114570.0,0.001,BTCUSDT
2025-09-30 01:30:01.100,114570.0,0.001,BTCUSDT
2025-09-30 01:30:01.100,114570.0,0.002,BTCUSDT
2025-09-30 01:30:01.100,114570.0,0.002,BTCUSDT
2025-09-30 01:30:01.100,114570.0,0.001,BTCUSDT
2025-09-30 01:30:01.100,114570.0,0.001,BTCUSDT
2025-09-30 01:30:01.100,114570.0,0.001,BTCUSDT
2025-09-30 01:30:01.100,114569.5,0.002,BTCUSDT
2025-09-30 01:30:01.100,114569.4,0.001,BTCUSDT
2025-09-30 01:30:01.100,114569.4,0.001,BTCUSDT
2025-09-30 01:30:01.100,114569.3,0.032,BTCUSDT
2025-09-30 01:30:01.197,114569.0,0.174,BTCUSDT
2025-09-30 01:30:01.197,114569.0,0.001,BTCUSDT
2025-09-30 01:30:01.197,114569.0,0.001,BTCUSDT
2025-09-30 01:30:01.197,114569.0,0.001,BTCUSDT
2025-09-30 01:30:01.197,114569.0,0.152,BTCUSDT
2025-09-30 01:30:01.197,114569.0,0.001,BTCUSDT
2025-09-30 01:30:01.199,114569.0,0.001,BTCUSDT
2025-09-30 01:30:01.221,114568.9,0.001,BTCUSDT
2025-09-30 01:30:01.262,114568.9,0.001,BTCUSDT
2025-09-30 01:30:01.262,114568.9,0.001,BTCUSDT
2025-09-30 01:30:01.262,114568.9,0.001,BTCUSDT
2025-09-30 01:30:01.262,114568.9,0.001,BTCUSDT
2025-09-30 01:30:01.262,114568.9,0.001,BTCUSDT
2025-09-30 01:30:01.262,114568.9,0.001,BTCUSDT
2025-09-30 01:30:01.262,114568.9,0.001,BTCUSDT
2025-09-30 01:30:01.262,114568.8,0.002,BTCUSDT
2025-09-30 01:30:01.262,114568.6,0.002,BTCUSDT
2025-09-30 01:30:01.262,114568.4,0.027,BTCUSDT
2025-09-30 01:30:01.279,114568.4,0.006,BTCUSDT
2025-09-30 01:30:01.279,114568.4,0.002,BTCUSDT
2025-09-30 01:30:01.279,114568.3,0.002,BTCUSDT
2025-09-30 01:30:01.279,114568.1,0.02,BTCUSDT
2025-09-30 01:30:01.279,114568.0,0.002,BTCUSDT
2025-09-30 01:30:01.279,114567.7,0.002,BTCUSDT
2025-09-30 01:30:01.279,114567.6,0.027,BTCUSDT
2025-09-30 01:30:01.279,114567.5,0.064,BTCUSDT
2025-09-30 01:30:01.316,114567.3,0.032,BTCUSDT
2025-09-30 01:30:01.316,114567.3,0.001,BTCUSDT
2025-09-30 01:30:01.316,114567.3,0.001,BTCUSDT
2025-09-30 01:30:01.316,114567.3,0.001,BTCUSDT
2025-09-30 01:30:01.316,114567.3,0.001,BTCUSDT
2025-09-30 01:30:01.316,114567.3,0.001,BTCUSDT
2025-09-30 01:30:01.318,114567.3,0.001,BTCUSDT
2025-09-30 01:30:01.318,114567.3,0.001,BTCUSDT
2025-09-30 01:30:01.318,114567.3,0.237,BTCUSDT
2025-09-30 01:30:01.318,114567.3,0.455,BTCUSDT
2025-09-30 01:30:01.318,114567.3,0.001,BTCUSDT
2025-09-30 01:30:01.318,114567.3,0.468,BTCUSDT
2025-09-30 01:30:01.318,114567.1,0.002,BTCUSDT
2025-09-30 01:30:01.318,114567.0,0.002,BTCUSDT
2025-09-30 01:30:01.318,114567.0,0.001,BTCUSDT
2025-09-30 01:30:01.318,114566.9,0.033,BTCUSDT
2025-09-30 01:30:01.318,114566.5,0.002,BTCUSDT
2025-09-30 01:30:01.318,114566.4,0.001,BTCUSDT
2025-09-30 01:30:01.318,114566.1,0.001,BTCUSDT
2025-09-30 01:30:01.318,114566.0,0.001,BTCUSDT
2025-09-30 01:30:01.318,114566.0,0.066,BTCUSDT
2025-09-30 01:30:01.318,114566.0,0.066,BTCUSDT
2025-09-30 01:30:01.318,114565.9,0.002,BTCUSDT
2025-09-30 01:30:01.318,114565.8,0.025,BTCUSDT
2025-09-30 01:30:01.318,114565.7,0.001,BTCUSDT
2025-09-30 01:30:01.318,114565.7,0.021,BTCUSDT
2025-09-30 01:30:01.318,114565.5,0.018,BTCUSDT
2025-09-30 01:30:01.326,114565.6,0.001,BTCUSDT
2025-09-30 01:30:01.327,114565.6,0.059,BTCUSDT
2025-09-30 01:30:01.347,114565.5,0.01,BTCUSDT
2025-09-30 01:30:01.347,114565.5,0.001,BTCUSDT
2025-09-30 01:30:01.347,114565.5,0.001,BTCUSDT
2025-09-30 01:30:01.347,114565.5,0.001,BTCUSDT
2025-09-30 01:30:01.347,114565.5,0.001,BTCUSDT
2025-09-30 01:30:01.347,114565.5,0.001,BTCUSDT
2025-09-30 01:30:01.347,114565.3,0.001,BTCUSDT
2025-09-30 01:30:01.347,114565.3,0.002,BTCUSDT
2025-09-30 01:30:01.347,114565.1,0.002,BTCUSDT
2025-09-30 01:30:01.347,114565.1,0.002,BTCUSDT
2025-09-30 01:30:01.347,114565.0,0.002,BTCUSDT
2025-09-30 01:30:01.347,114565.0,0.001,BTCUSDT
2025-09-30 01:30:01.347,114564.7,0.002,BTCUSDT
2025-09-30 01:30:01.347,114564.6,0.003,BTCUSDT
2025-09-30 01:30:01.347,114564.5,0.001,BTCUSDT
2025-09-30 01:30:01.351,114564.4,0.001,BTCUSDT
2025-09-30 01:30:01.351,114564.4,0.001,BTCUSDT
2025-09-30 01:30:01.351,114564.3,0.002,BTCUSDT
2025-09-30 01:30:01.351,114564.1,0.002,BTCUSDT
2025-09-30 01:30:01.351,114563.5,0.002,BTCUSDT
2025-09-30 01:30:01.351,114563.2,0.033,BTCUSDT
2025-09-30 01:30:01.351,114562.9,0.002,BTCUSDT
2025-09-30 01:30:01.351,114562.8,0.001,BTCUSDT
2025-09-30 01:30:01.351,114562.6,0.001,BTCUSDT
2025-09-30 01:30:01.351,114562.5,0.001,BTCUSDT
2025-09-30 01:30:01.351,114562.3,0.001,BTCUSDT
2025-09-30 01:30:01.351,114562.3,0.002,BTCUSDT
2025-09-30 01:30:01.351,114562.2,0.001,BTCUSDT
2025-09-30 01:30:01.351,114562.1,0.004,BTCUSDT
2025-09-30 01:30:01.351,114562.1,0.005,BTCUSDT
2025-09-30 01:30:01.377,114561.9,0.007,BTCUSDT
2025-09-30 01:30:01.377,114561.9,0.001,BTCUSDT
2025-09-30 01:30:01.377,114561.9,0.001,BTCUSDT
2025-09-30 01:30:01.540,114561.9,0.001,BTCUSDT
2025-09-30 01:30:01.540,114561.9,0.001,BTCUSDT
2025-09-30 01:30:01.540,114561.9,0.001,BTCUSDT
2025-09-30 01:30:02.256,114562.0,0.058,BTCUSDT
2025-09-30 01:30:02.531,114562.0,0.248,BTCUSDT
2025-09-30 01:30:02.531,114562.0,0.095,BTCUSDT
2025-09-30 01:30:03.018,114561.9,0.015,BTCUSDT
2025-09-30 01:30:03.018,114561.9,0.001,BTCUSDT
2025-09-30 01:30:03.018,114561.9,0.001,BTCUSDT
2025-09-30 01:30:03.018,114561.9,0.004,BTCUSDT
2025-09-30 01:30:03.018,114561.9,0.001,BTCUSDT
2025-09-30 01:30:03.018,114561.9,0.008,BTCUSDT
2025-09-30 01:30:03.318,114562.0,0.058,BTCUSDT
2025-09-30 01:30:03.679,114561.9,0.024,BTCUSDT
2025-09-30 01:30:03.993,114562.0,0.005,BTCUSDT
2025-09-30 01:30:04.064,114561.9,0.028,BTCUSDT
2025-09-30 01:30:04.321,114561.9,0.017,BTCUSDT
2025-09-30 01:30:04.338,114562.0,0.001,BTCUSDT
2025-09-30 01:30:04.379,114562.0,0.059,BTCUSDT
2025-09-30 01:30:04.466,114561.9,0.028,BTCUSDT
2025-09-30 01:30:04.484,114561.9,0.008,BTCUSDT
2025-09-30 01:30:04.491,114562.0,0.001,BTCUSDT
2025-09-30 01:30:04.582,114562.0,0.001,BTCUSDT
2025-09-30 01:30:04.661,114562.0,0.001,BTCUSDT
2025-09-30 01:30:04.686,114562.0,0.002,BTCUSDT
2025-09-30 01:30:04.747,114562.0,0.005,BTCUSDT
2025-09-30 01:30:04.780,114561.9,0.001,BTCUSDT
2025-09-30 01:30:04.933,114562.0,0.001,BTCUSDT
2025-09-30 01:30:04.935,114561.9,0.001,BTCUSDT
2025-09-30 01:30:04.954,114562.0,0.001,BTCUSDT
2025-09-30 01:30:04.989,114562.0,0.001,BTCUSDT
2025-09-30 01:30:05.000,114562.0,0.001,BTCUSDT
2025-09-30 01:30:05.119,114562.0,0.001,BTCUSDT
2025-09-30 01:30:05.250,114562.0,0.002,BTCUSDT
2025-09-30 01:30:05.312,114561.9,0.013,BTCUSDT
2025-09-30 01:30:05.337,114562.0,0.058,BTCUSDT
2025-09-30 01:30:05.383,114562.0,0.001,BTCUSDT
2025-09-30 01:30:05.602,114562.0,0.013,BTCUSDT
2025-09-30 01:30:05.924,114561.9,0.003,BTCUSDT
2025-09-30 01:30:05.924,114561.9,0.002,BTCUSDT
2025-09-30 01:30:05.924,114561.9,0.009,BTCUSDT
2025-09-30 01:30:05.924,114561.9,0.001,BTCUSDT
2025-09-30 01:30:05.924,114561.9,0.001,BTCUSDT
2025-09-30 01:30:05.924,114561.9,0.005,BTCUSDT
2025-09-30 01:30:06.048,114562.0,0.001,BTCUSDT
2025-09-30 01:30:06.119,114561.9,0.082,BTCUSDT
2025-09-30 01:30:06.119,114561.9,0.043,BTCUSDT
2025-09-30 01:30:06.123,114561.9,0.044,BTCUSDT
2025-09-30 01:30:06.123,114561.9,0.014,BTCUSDT
2025-09-30 01:30:06.123,114561.9,0.001,BTCUSDT
2025-09-30 01:30:06.123,114561.9,0.001,BTCUSDT
2025-09-30 01:30:06.123,114561.9,0.049,BTCUSDT
2025-09-30 01:30:06.123,114561.9,0.001,BTCUSDT
2025-09-30 01:30:06.123,114561.9,0.005,BTCUSDT
2025-09-30 01:30:06.123,114561.9,0.001,BTCUSDT
2025-09-30 01:30:06.123,114561.9,0.001,BTCUSDT
2025-09-30 01:30:06.123,114561.9,0.002,BTCUSDT
2025-09-30 01:30:06.123,114561.9,0.003,BTCUSDT
2025-09-30 01:30:06.123,114561.8,0.001,BTCUSDT
2025-09-30 01:30:06.123,114561.8,0.001,BTCUSDT
2025-09-30 01:30:06.123,114561.8,0.004,BTCUSDT
2025-09-30 01:30:06.123,114561.8,0.002,BTCUSDT
2025-09-30 01:30:06.123,114561.8,0.001,BTCUSDT
2025-09-30 01:30:06.123,114561.7,0.002,BTCUSDT
2025-09-30 01:30:06.123,114561.6,0.002,BTCUSDT
2025-09-30 01:30:06.123,114561.1,0.002,BTCUSDT
2025-09-30 01:30:06.123,114561.0,0.002,BTCUSDT
2025-09-30 01:30:06.123,114561.0,0.001,BTCUSDT
2025-09-30 01:30:06.123,114560.7,0.018,BTCUSDT
2025-09-30 01:30:06.123,114560.6,0.002,BTCUSDT
2025-09-30 01:30:06.123,114560.5,0.002,BTCUSDT
2025-09-30 01:30:06.123,114560.4,0.001,BTCUSDT
2025-09-30 01:30:06.123,114560.4,0.002,BTCUSDT
2025-09-30 01:30:06.123,114560.4,0.002,BTCUSDT
2025-09-30 01:30:06.123,114560.0,0.001,BTCUSDT
2025-09-30 01:30:06.123,114560.0,0.003,BTCUSDT
2025-09-30 01:30:06.123,114560.0,0.002,BTCUSDT
2025-09-30 01:30:06.123,114559.9,0.002,BTCUSDT
2025-09-30 01:30:06.123,114559.8,0.003,BTCUSDT
2025-09-30 01:30:06.123,114559.5,0.001,BTCUSDT
2025-09-30 01:30:06.123,114559.5,0.001,BTCUSDT
2025-09-30 01:30:06.123,114559.5,0.001,BTCUSDT
2025-09-30 01:30:06.123,114559.5,0.065,BTCUSDT
2025-09-30 01:30:06.123,114559.4,0.002,BTCUSDT
2025-09-30 01:30:06.123,114559.3,0.002,BTCUSDT
2025-09-30 01:30:06.123,114559.3,0.002,BTCUSDT
2025-09-30 01:30:06.123,114559.3,0.002,BTCUSDT
2025-09-30 01:30:06.123,114559.2,0.001,BTCUSDT
2025-09-30 01:30:06.123,114559.2,0.005,BTCUSDT
2025-09-30 01:30:06.123,114558.8,0.001,BTCUSDT
2025-09-30 01:30:06.123,114558.7,0.002,BTCUSDT
2025-09-30 01:30:06.123,114558.6,0.002,BTCUSDT
2025-09-30 01:30:06.123,114558.5,0.001,BTCUSDT
2025-09-30 01:30:06.123,114558.3,0.001,BTCUSDT
2025-09-30 01:30:06.123,114558.3,0.002,BTCUSDT
2025-09-30 01:30:06.123,114558.3,0.087,BTCUSDT
2025-09-30 01:30:06.123,114558.1,0.002,BTCUSDT
2025-09-30 01:30:06.123,114558.1,0.002,BTCUSDT
2025-09-30 01:30:06.123,114557.8,0.003,BTCUSDT
2025-09-30 01:30:06.123,114557.7,0.001,BTCUSDT
2025-09-30 01:30:06.123,114557.7,0.002,BTCUSDT
2025-09-30 01:30:06.172,114557.5,0.001,BTCUSDT
2025-09-30 01:30:06.261,114557.6,0.001,BTCUSDT
2025-09-30 01:30:06.265,114557.5,0.03,BTCUSDT
2025-09-30 01:30:06.329,114557.5,0.003,BTCUSDT
2025-09-30 01:30:06.376,114557.6,0.004,BTCUSDT
2025-09-30 01:30:06.382,114557.6,0.001,BTCUSDT
2025-09-30 01:30:06.390,114557.5,0.001,BTCUSDT
2025-09-30 01:30:06.401,114557.6,0.002,BTCUSDT
2025-09-30 01:30:06.410,114557.6,0.058,BTCUSDT
2025-09-30 01:30:06.413,114557.6,0.002,BTCUSDT
2025-09-30 01:30:06.437,114557.5,0.002,BTCUSDT
2025-09-30 01:30:06.496,114557.5,0.117,BTCUSDT
2025-09-30 01:30:06.496,114557.5,0.002,BTCUSDT
2025-09-30 01:30:06.496,114557.5,0.003,BTCUSDT
2025-09-30 01:30:06.496,114557.5,0.002,BTCUSDT
2025-09-30 01:30:06.496,114557.5,0.001,BTCUSDT
2025-09-30 01:30:06.496,114557.5,0.022,BTCUSDT
2025-09-30 01:30:06.496,114557.5,0.002,BTCUSDT
2025-09-30 01:30:06.496,114557.4,0.001,BTCUSDT
2025-09-30 01:30:06.496,114557.0,0.002,BTCUSDT
2025-09-30 01:30:06.496,114556.9,0.002,BTCUSDT
2025-09-30 01:30:06.509,114556.3,0.002,BTCUSDT
2025-09-30 01:30:06.528,114556.3,0.008,BTCUSDT
2025-09-30 01:30:06.540,114556.3,0.003,BTCUSDT
2025-09-30 01:30:06.582,114556.3,0.038,BTCUSDT
2025-09-30 01:30:06.582,114556.3,0.002,BTCUSDT
2025-09-30 01:30:06.582,114556.2,0.002,BTCUSDT
2025-09-30 01:30:06.582,114556.2,0.001,BTCUSDT
2025-09-30 01:30:06.582,114556.2,0.001,BTCUSDT
2025-09-30 01:30:06.582,114555.9,0.001,BTCUSDT
2025-09-30 01:30:06.582,114555.8,0.113,BTCUSDT
2025-09-30 01:30:06.582,114555.7,0.002,BTCUSDT
2025-09-30 01:30:06.582,114555.6,0.001,BTCUSDT
2025-09-30 01:30:06.582,114555.5,0.001,BTCUSDT
2025-09-30 01:30:06.582,114555.5,0.005,BTCUSDT
2025-09-30 01:30:06.582,114555.4,0.003,BTCUSDT
2025-09-30 01:30:06.582,114555.1,0.002,BTCUSDT
2025-09-30 01:30:06.591,114554.6,0.002,BTCUSDT
2025-09-30 01:30:06.591,114554.6,0.001,BTCUSDT
2025-09-30 01:30:06.591,114554.6,0.001,BTCUSDT
2025-09-30 01:30:06.591,114554.6,0.006,BTCUSDT
2025-09-30 01:30:06.591,114554.5,0.002,BTCUSDT
2025-09-30 01:30:06.591,114554.5,0.001,BTCUSDT
2025-09-30 01:30:06.591,114554.4,0.007,BTCUSDT
2025-09-30 01:30:06.613,114554.5,0.002,BTCUSDT
2025-09-30 01:30:06.654,114554.5,0.004,BTCUSDT
2025-09-30 01:30:06.770,114554.4,0.005,BTCUSDT
2025-09-30 01:30:06.770,114554.4,0.062,BTCUSDT
2025-09-30 01:30:06.770,114554.4,0.002,BTCUSDT
2025-09-30 01:30:06.770,114554.4,0.002,BTCUSDT
2025-09-30 01:30:06.770,114554.3,0.001,BTCUSDT
2025-09-30 01:30:06.770,114554.2,0.001,BTCUSDT
2025-09-30 01:30:06.770,114554.0,0.023,BTCUSDT
2025-09-30 01:30:06.770,114554.0,0.012,BTCUSDT
2025-09-30 01:30:06.770,114553.9,0.012,BTCUSDT
2025-09-30 01:30:06.770,114553.9,0.002,BTCUSDT
2025-09-30 01:30:06.770,114553.9,0.002,BTCUSDT
2025-09-30 01:30:06.770,114553.3,0.002,BTCUSDT
2025-09-30 01:30:06.770,114553.1,0.018,BTCUSDT
2025-09-30 01:30:06.770,114552.9,0.001,BTCUSDT
2025-09-30 01:30:06.770,114552.7,0.002,BTCUSDT
2025-09-30 01:30:06.770,114552.5,0.001,BTCUSDT
2025-09-30 01:30:06.773,114552.3,0.006,BTCUSDT
2025-09-30 01:30:06.773,114552.3,0.018,BTCUSDT
2025-09-30 01:30:06.773,114552.3,0.01,BTCUSDT
2025-09-30 01:30:06.774,114552.3,0.024,BTCUSDT
2025-09-30 01:30:06.774,114552.3,0.014,BTCUSDT
2025-09-30 01:30:06.955,114552.4,0.395,BTCUSDT
2025-09-30 01:30:06.992,114552.4,0.049,BTCUSDT
2025-09-30 01:30:07.111,114552.4,0.042,BTCUSDT
2025-09-30 01:30:07.249,114552.4,0.058,BTCUSDT
2025-09-30 01:30:07.292,114552.4,0.01,BTCUSDT
2025-09-30 01:30:08.090,114552.3,0.004,BTCUSDT
2025-09-30 01:30:08.272,114552.4,0.058,BTCUSDT
2025-09-30 01:30:08.612,114552.3,0.071,BTCUSDT
2025-09-30 01:30:08.803,114552.4,0.538,BTCUSDT
2025-09-30 01:30:09.332,114552.4,0.057,BTCUSDT
2025-09-30 01:30:09.509,114552.3,0.004,BTCUSDT
2025-09-30 01:30:09.509,114552.3,0.022,BTCUSDT
2025-09-30 01:30:09.509,114552.3,0.001,BTCUSDT
2025-09-30 01:30:09.509,114552.3,0.002,BTCUSDT
2025-09-30 01:30:09.509,114552.3,0.001,BTCUSDT
2025-09-30 01:30:09.509,114552.3,0.034,BTCUSDT
2025-09-30 01:30:09.509,114552.2,0.001,BTCUSDT
2025-09-30 01:30:09.509,114552.1,0.002,BTCUSDT
2025-09-30 01:30:09.509,114552.1,0.002,BTCUSDT
2025-09-30 01:30:09.509,114551.5,0.002,BTCUSDT
2025-09-30 01:30:09.509,114551.5,0.012,BTCUSDT
2025-09-30 01:30:09.509,114551.4,0.002,BTCUSDT
2025-09-30 01:30:09.509,114551.3,0.002,BTCUSDT
2025-09-30 01:30:09.509,114551.2,0.003,BTCUSDT
2025-09-30 01:30:09.509,114551.2,0.003,BTCUSDT
2025-09-30 01:30:09.509,114550.9,0.002,BTCUSDT
2025-09-30 01:30:09.509,114550.6,0.027,BTCUSDT
2025-09-30 01:30:09.509,114550.6,0.006,BTCUSDT
2025-09-30 01:30:09.509,114550.5,0.001,BTCUSDT
2025-09-30 01:30:09.509,114550.4,0.018,BTCUSDT
2025-09-30 01:30:09.511,114552.3,0.002,BTCUSDT
2025-09-30 01:30:09.511,114552.3,0.025,BTCUSDT
2025-09-30 01:30:09.511,114552.3,0.014,BTCUSDT
2025-09-30 01:30:09.511,114552.3,0.001,BTCUSDT
2025-09-30 01:30:09.511,114552.3,0.001,BTCUSDT
2025-09-30 01:30:09.514,114550.3,0.022,BTCUSDT
2025-09-30 01:30:09.514,114550.3,0.002,BTCUSDT
2025-09-30 01:30:09.514,114550.3,0.001,BTCUSDT
2025-09-30 01:30:09.514,114550.3,0.001,BTCUSDT
2025-09-30 01:30:09.516,114550.1,0.013,BTCUSDT
2025-09-30 01:30:09.516,114550.1,0.001,BTCUSDT
2025-09-30 01:30:09.516,114550.1,0.002,BTCUSDT
2025-09-30 01:30:09.516,114550.1,0.001,BTCUSDT
2025-09-30 01:30:09.516,114550.1,0.001,BTCUSDT
2025-09-30 01:30:09.516,114550.1,0.001,BTCUSDT
2025-09-30 01:30:09.516,114550.1,0.001,BTCUSDT
2025-09-30 01:30:09.516,114550.1,0.001,BTCUSDT
2025-09-30 01:30:09.726,114550.0,0.001,BTCUSDT
2025-09-30 01:30:09.726,114550.0,0.008,BTCUSDT
2025-09-30 01:30:09.726,114550.0,0.001,BTCUSDT
2025-09-30 01:30:09.726,114550.0,0.01,BTCUSDT
2025-09-30 01:30:09.729,114550.0,3.202,BTCUSDT
2025-09-30 01:30:09.729,114550.0,0.003,BTCUSDT
2025-09-30 01:30:10.035,114550.1,0.199,BTCUSDT
2025-09-30 01:30:10.282,114550.1,0.057,BTCUSDT
2025-09-30 01:30:10.282,114550.1,0.032,BTCUSDT
2025-09-30 01:30:10.453,114550.0,0.785,BTCUSDT
2025-09-30 01:30:10.453,114550.0,0.001,BTCUSDT
2025-09-30 01:30:10.453,114550.0,0.001,BTCUSDT
2025-09-30 01:30:10.453,114550.0,0.001,BTCUSDT
2025-09-30 01:30:10.453,114550.0,0.009,BTCUSDT
2025-09-30 01:30:10.453,114550.0,0.002,BTCUSDT
2025-09-30 01:30:10.453,114550.0,0.002,BTCUSDT
2025-09-30 01:30:10.453,114550.0,0.001,BTCUSDT
2025-09-30 01:30:10.453,114550.0,0.004,BTCUSDT
2025-09-30 01:30:10.453,114550.0,0.001,BTCUSDT
2025-09-30 01:30:10.453,114550.0,0.001,BTCUSDT
2025-09-30 01:30:10.453,114550.0,0.002,BTCUSDT
2025-09-30 01:30:10.455,114550.0,0.002,BTCUSDT
2025-09-30 01:30:10.455,114549.9,0.001,BTCUSDT
2025-09-30 01:30:10.455,114549.9,0.001,BTCUSDT
2025-09-30 01:30:10.455,114549.9,0.001,BTCUSDT
2025-09-30 01:30:10.455,114549.7,0.002,BTCUSDT
2025-09-30 01:30:10.455,114549.6,0.001,BTCUSDT
2025-09-30 01:30:10.455,114549.6,0.002,BTCUSDT
2025-09-30 01:30:10.455,114549.5,0.001,BTCUSDT
2025-09-30 01:30:10.455,114549.5,0.002,BTCUSDT
2025-09-30 01:30:10.456,114549.4,0.012,BTCUSDT
2025-09-30 01:30:10.456,114549.4,0.002,BTCUSDT
2025-09-30 01:30:10.456,114549.1,0.001,BTCUSDT
2025-09-30 01:30:10.456,114549.1,0.002,BTCUSDT
2025-09-30 01:30:10.456,114549.0,0.019,BTCUSDT
2025-09-30 01:30:10.457,114548.8,0.005,BTCUSDT
2025-09-30 01:30:10.457,114548.7,0.002,BTCUSDT
2025-09-30 01:30:10.457,114548.6,0.003,BTCUSDT
2025-09-30 01:30:10.457,114548.5,0.002,BTCUSDT
2025-09-30 01:30:10.457,114548.0,0.001,BTCUSDT
2025-09-30 01:30:10.457,114547.9,0.002,BTCUSDT
2025-09-30 01:30:10.457,114547.8,0.003,BTCUSDT
2025-09-30 01:30:10.457,114547.4,0.005,BTCUSDT
2025-09-30 01:30:10.457,114547.3,0.002,BTCUSDT
2025-09-30 01:30:10.457,114547.2,0.002,BTCUSDT
2025-09-30 01:30:10.457,114547.0,0.014,BTCUSDT
2025-09-30 01:30:10.457,114546.7,0.001,BTCUSDT
2025-09-30 01:30:10.457,114546.7,0.002,BTCUSDT
2025-09-30 01:30:10.467,114546.6,0.001,BTCUSDT
2025-09-30 01:30:10.467,114546.6,0.001,BTCUSDT
2025-09-30 01:30:10.467,114546.6,0.001,BTCUSDT
2025-09-30 01:30:10.467,114546.6,0.001,BTCUSDT
2025-09-30 01:30:10.467,114546.6,0.001,BTCUSDT
2025-09-30 01:30:10.467,114546.6,0.001,BTCUSDT
2025-09-30 01:30:10.467,114546.6,0.001,BTCUSDT
2025-09-30 01:30:10.467,114546.6,0.001,BTCUSDT
2025-09-30 01:30:10.467,114546.6,0.019,BTCUSDT
2025-09-30 01:30:10.471,114546.6,0.017,BTCUSDT
2025-09-30 01:30:10.471,114546.6,0.021,BTCUSDT
2025-09-30 01:30:10.513,114546.6,0.05,BTCUSDT
2025-09-30 01:30:10.517,114546.6,0.016,BTCUSDT
2025-09-30 01:30:10.517,114546.6,0.001,BTCUSDT
2025-09-30 01:30:10.517,114546.6,0.004,BTCUSDT
2025-09-30 01:30:10.560,114546.6,0.04,BTCUSDT
2025-09-30 01:30:10.560,114546.6,0.004,BTCUSDT
2025-09-30 01:30:10.560,114546.6,0.002,BTCUSDT
2025-09-30 01:30:10.560,114546.5,0.001,BTCUSDT
2025-09-30 01:30:10.560,114546.3,0.001,BTCUSDT
2025-09-30 01:30:10.560,114546.2,0.012,BTCUSDT
2025-09-30 01:30:10.560,114546.2,0.006,BTCUSDT
2025-09-30 01:30:10.560,114546.1,0.002,BTCUSDT
2025-09-30 01:30:10.560,114546.1,0.013,BTCUSDT
2025-09-30 01:30:10.560,114545.8,0.001,BTCUSDT
2025-09-30 01:30:10.560,114545.7,0.001,BTCUSDT
2025-09-30 01:30:10.560,114545.6,0.002,BTCUSDT
2025-09-30 01:30:10.560,114545.5,0.002,BTCUSDT
2025-09-30 01:30:10.560,114545.4,0.011,BTCUSDT
2025-09-30 01:30:10.560,114545.2,0.031,BTCUSDT
2025-09-30 01:30:10.560,114545.0,0.012,BTCUSDT
2025-09-30 01:30:10.560,114544.9,0.001,BTCUSDT
2025-09-30 01:30:10.560,114544.9,0.002,BTCUSDT
2025-09-30 01:30:10.560,114544.8,0.001,BTCUSDT
2025-09-30 01:30:10.560,114544.8,0.001,BTCUSDT
2025-09-30 01:30:10.560,114544.6,0.001,BTCUSDT
2025-09-30 01:30:10.563,114544.3,0.001,BTCUSDT
2025-09-30 01:30:10.563,114544.3,0.002,BTCUSDT
2025-09-30 01:30:10.563,114544.3,0.002,BTCUSDT
2025-09-30 01:30:10.563,114544.3,0.026,BTCUSDT
2025-09-30 01:30:10.563,114544.3,0.001,BTCUSDT
2025-09-30 01:30:10.670,114544.1,0.024,BTCUSDT
2025-09-30 01:30:10.670,114544.1,0.001,BTCUSDT
2025-09-30 01:30:10.670,114544.1,0.001,BTCUSDT
2025-09-30 01:30:10.670,114544.1,0.001,BTCUSDT
2025-09-30 01:30:10.670,114544.1,0.012,BTCUSDT
2025-09-30 01:30:10.670,114544.1,0.349,BTCUSDT
2025-09-30 01:30:10.670,114544.1,0.05,BTCUSDT
2025-09-30 01:30:10.673,114544.1,0.037,BTCUSDT
2025-09-30 01:30:10.673,114544.1,0.002,BTCUSDT
2025-09-30 01:30:10.673,114544.1,0.017,BTCUSDT
2025-09-30 01:30:10.673,114544.1,0.002,BTCUSDT
2025-09-30 01:30:10.673,114544.1,0.001,BTCUSDT
2025-09-30 01:30:10.673,114544.0,0.001,BTCUSDT
2025-09-30 01:30:10.673,114543.7,0.002,BTCUSDT
2025-09-30 01:30:10.673,114543.3,0.002,BTCUSDT
2025-09-30 01:30:10.673,114543.1,0.002,BTCUSDT
2025-09-30 01:30:10.673,114543.0,0.001,BTCUSDT
2025-09-30 01:30:10.673,114542.9,0.001,BTCUSDT
2025-09-30 01:30:10.673,114542.8,0.001,BTCUSDT
2025-09-30 01:30:10.673,114542.8,0.001,BTCUSDT
2025-09-30 01:30:10.882,114542.6,0.008,BTCUSDT
2025-09-30 01:30:11.034,114542.6,0.16,BTCUSDT
2025-09-30 01:30:11.180,114542.6,0.006,BTCUSDT
2025-09-30 01:30:11.236,114542.6,0.001,BTCUSDT
2025-09-30 01:30:11.284,114542.6,0.057,BTCUSDT
2025-09-30 01:30:11.529,114542.5,0.034,BTCUSDT
2025-09-30 01:30:11.529,114542.5,0.067,BTCUSDT
